@book{AdaEss2017,
  author    = {R. A. Adams and C. Essex},
  title     = {Calculus: A complete course},
  publisher = {Pearson},
  year      = {2017},
  edition   = {9}
}

% legg merke til bruk av {} for å få store bokstaver i Bibliografien
@techreport{Dre2023Lego,
  author      = {T. Drengstig},
  title       = {{A}nvendt matematikk og fysikk i robotprogrammering: {L}ego {M}indstorms og {MATLAB}/{P}ython i skjønn forening},
  institution = {Universitet i Stavanger},
  year        = {2023},
  note        = {Utdelt materiale}
}

@techreport{Dre2023Simulink,
  author      = {T. Drengstig},
  title       = {{I}ntroduksjon til {SIMULINK}: {M}odellering og simulering av dynamiske system},
  institution = {Universitet i Stavanger},
  year        = {2023},
  note        = {Utdelt materiale}
}

@misc{web_BibTex,
  title        = {How can {I} use Bibtex to cite a web page?},
  howpublished = {https://tex.stackexchange.com/questions/3587/how-can-i-use-bibtex-to-cite-a-web-page}
}
